@Book{securityengineering,
ALTauthor = {Ross Anderson},
ALTeditor = {Ross Anderson},
title = {Security Engineering: A Guide to Building Dependable Distributed Systems},
publisher = {Wiley},
year = {2001},
OPTkey = {},
OPTvolume = {},
OPTnumber = {},
OPTseries = {},
OPTaddress = {},
OPTedition = {},
OPTmonth = {},
OPTnote = {},
OPTannote = {}
}

% Discusses using a pool of ring oscillators
@Article{aegis_pool,
author = {Suh, G., O'Donnel, C., Devadas, S.},
title = {Aegis:
A single-chip secure processor},
journal = {IEEE Design and Test
of Computers},
year = {2007},
OPTkey = {•},
OPTvolume = {•},
OPTnumber = {•},
OPTpages = {570-580},
OPTmonth = {•},
OPTnote = {•},
OPTannote = {•}
}


%http://people.csail.mit.edu/cwo/publications/istr05.pdf
% Discusses the error correction and inter-chip variations
@Article{aegis_ecc,
author = {Suh, G., O'Donnel, C., Devadas, S.},
title = {AEGIS: A single-chip secure processor},
journal = {Elsevier Information Security Technical Report},
year = {2005},
OPTvolume = {10},
OPTpages = {63-73},
}

% PUF aging
@INPROCEEDINGS{pufaging, 
author={Maiti, A. and McDougall, L. and Schaumont, P.}, 
booktitle={Field Programmable Logic and Applications (FPL), 2011 International Conference on}, 
title={The Impact of Aging on an FPGA-Based Physical Unclonable Function}, 
year={2011}, 
month={Sept.}, 
volume={}, 
number={}, 
pages={151-156}, 
keywords={FPGA-based ring oscillator PUF;RO-PUF;Xilinx FPGA;accelerated aging testing;field programmable gate arrays;irreversible temporal changes;physical unclonable function;powerful security primitive;ageing;field programmable gate arrays;oscillators;}, 
doi={10.1109/FPL.2011.35}, 
ISSN={},}

% PUF temperature
@inproceedings{puftemp,
 author = {Gassend, Blaise and Clarke, Dwaine and van Dijk, Marten and Devadas, Srinivas},
 title = {Silicon physical random functions},
 booktitle = {Proceedings of the 9th ACM conference on Computer and communications security},
 series = {CCS '02},
 year = {2002},
 isbn = {1-58113-612-9},
 location = {Washington, DC, USA},
 pages = {148--160},
 numpages = {13},
 url = {http://doi.acm.org/10.1145/586110.586132},
 doi = {http://doi.acm.org/10.1145/586110.586132},
 acmid = {586132},
 publisher = {ACM},
 address = {New York, NY, USA},
 keywords = {identification, physical random function, physical security, smartcard, tamper resistance, unclonability},
}
